<record><leader>00000cas a22000007a 4500</leader><controlfield tag="001">14929887</controlfield><controlfield tag="008">861205d18941897wiuwr n       0    0nor d</controlfield><datafield ind1=" " ind2=" " tag="010"><subfield code="a">sn 86086826 </subfield></datafield><datafield ind1=" " ind2=" " tag="040"><subfield code="a">NPV</subfield><subfield code="b">eng</subfield><subfield code="c">NPV</subfield><subfield code="d">OCLCQ</subfield></datafield><datafield ind1=" " ind2=" " tag="042"><subfield code="a">msc</subfield></datafield><datafield ind1="0" ind2=" " tag="130"><subfield code="a">Fram (Milwaukee, Wis.)</subfield></datafield><datafield ind1="1" ind2="0" tag="245"><subfield code="a">Fram.</subfield></datafield><datafield ind1=" " ind2=" " tag="260"><subfield code="a">Milwaukee, Wis. :</subfield><subfield code="b">A.C. Tosterud</subfield></datafield><datafield ind1=" " ind2=" " tag="300"><subfield code="a">v.</subfield></datafield><datafield ind1=" " ind2=" " tag="310"><subfield code="a">Weekly</subfield></datafield><datafield ind1="1" ind2=" " tag="362"><subfield code="a">Began in July 1894; ceased with Sept. 4, 1897 issue.</subfield><subfield code="z">Cf. Oehlerts, d. E. Guide to Wis. newspapers.</subfield></datafield><datafield ind1=" " ind2=" " tag="500"><subfield code="a">Publisher varies.</subfield></datafield><datafield ind1=" " ind2=" " tag="588"><subfield code="a">Description based on: 2. Aarg., no. 14 (6. Nov. 1895).</subfield></datafield><datafield ind1=" " ind2=" " tag="752"><subfield code="a">United States</subfield><subfield code="b">Wisconsin</subfield><subfield code="c">Milwaukee</subfield><subfield code="d">Milwaukee.</subfield></datafield><datafield ind1=" " ind2=" " tag="752"><subfield code="a">United States</subfield><subfield code="b">Wisconsin</subfield><subfield code="c">Washington</subfield><subfield code="d">Milwaukee.</subfield></datafield><datafield ind1="0" ind2="7" tag="785"><subfield code="t">Crosse tidende</subfield><subfield code="w">(DLC)sn 85040261</subfield></datafield><datafield ind1="0" ind2="7" tag="785"><subfield code="t">Crosse tidende or Milwaukee fram</subfield><subfield code="w">(DLC)sn 85040262</subfield></datafield></record>